<record><leader>00000cas a2200000 a 4500</leader><controlfield tag="001">8818350</controlfield><controlfield tag="008">820929c18899999meudn ne      0   a0eng  </controlfield><datafield ind1=" " ind2=" " tag="010"><subfield code="a">sn 82015898 </subfield><subfield code="z">sn 82016145 </subfield></datafield><datafield ind1=" " ind2=" " tag="040"><subfield code="a">DLC</subfield><subfield code="b">eng</subfield><subfield code="c">DLC</subfield><subfield code="d">NPW</subfield><subfield code="d">DLC</subfield><subfield code="d">OCL</subfield><subfield code="d">NSD</subfield><subfield code="d">OCL</subfield><subfield code="d">DLC</subfield><subfield code="d">NYS</subfield><subfield code="d">YOX</subfield><subfield code="d">CRL</subfield><subfield code="d">MGN</subfield><subfield code="d">NSD</subfield><subfield code="d">MBN</subfield><subfield code="d">DLC</subfield><subfield code="d">OCLCQ</subfield><subfield code="d">OCLCO</subfield><subfield code="d">OCLCF</subfield></datafield><datafield ind1=" " ind2=" " tag="019"><subfield code="a">3988372</subfield><subfield code="a">9169342</subfield><subfield code="a">990522703</subfield><subfield code="a">994456263</subfield></datafield><datafield ind1="0" ind2=" " tag="022"><subfield code="a">0892-8738</subfield><subfield code="l">0892-8738</subfield><subfield code="2">1</subfield></datafield><datafield ind1="1" ind2=" " tag="029"><subfield code="a">AU@</subfield><subfield code="b">000020394105</subfield></datafield><datafield ind1="1" ind2=" " tag="029"><subfield code="a">NZ1</subfield><subfield code="b">16074952</subfield></datafield><datafield ind1=" " ind2=" " tag="032"><subfield code="a">041000</subfield><subfield code="b">USPS</subfield></datafield><datafield ind1=" " ind2=" " tag="037"><subfield code="a">Bangor daily News, 491 Main St., Bangor, ME 04401</subfield></datafield><datafield ind1=" " ind2=" " tag="042"><subfield code="a">nsdp</subfield><subfield code="a">pcc</subfield></datafield><datafield ind1=" " ind2=" " tag="043"><subfield code="a">n-us-me</subfield></datafield><datafield ind1="0" ind2="0" tag="050"><subfield code="a">Newspaper</subfield></datafield><datafield ind1="1" ind2="0" tag="082"><subfield code="a">071</subfield><subfield code="2">11</subfield></datafield><datafield ind1="0" ind2=" " tag="130"><subfield code="a">Bangor daily news (Bangor, Me.)</subfield></datafield><datafield ind1=" " ind2="0" tag="222"><subfield code="a">Bangor daily news</subfield></datafield><datafield ind1="0" ind2="4" tag="245"><subfield code="a">The Bangor daily news.</subfield></datafield><datafield ind1="1" ind2=" " tag="246"><subfield code="i">Issues for Saturday Nov. 15, 1985- published as:</subfield><subfield code="a">Maine weekend</subfield></datafield><datafield ind1="3" ind2="0" tag="246"><subfield code="a">Daily news</subfield></datafield><datafield ind1="1" ind2="3" tag="246"><subfield code="a">Bangor news</subfield></datafield><datafield ind1="1" ind2="3" tag="246"><subfield code="a">Bangor daily news and Bangor whig &amp; courier</subfield></datafield><datafield ind1=" " ind2=" " tag="260"><subfield code="a">Bangor, Me. :</subfield><subfield code="b">Bangor Pub. Co.,</subfield><subfield code="c">1889-</subfield></datafield><datafield ind1=" " ind2=" " tag="300"><subfield code="a">v.</subfield></datafield><datafield ind1=" " ind2=" " tag="310"><subfield code="a">Daily (except Sunday)</subfield></datafield><datafield ind1="0" ind2=" " tag="362"><subfield code="a">No. 1 (June 18, 1889)-</subfield></datafield><datafield ind1=" " ind2=" " tag="530"><subfield code="a">Also available on microfilm from Recordak Corp., Bell &amp; Howell Information and Learning, and the Center for Research Libraries.</subfield></datafield><datafield ind1=" " ind2=" " tag="580"><subfield code="a">Semiweekly ed.: Bangor semi-weekly news, &lt;1898-1915&gt;</subfield></datafield><datafield ind1=" " ind2="0" tag="651"><subfield code="a">Bangor (Me.)</subfield><subfield code="v">Newspapers.</subfield></datafield><datafield ind1=" " ind2="0" tag="651"><subfield code="a">Penobscot County (Me.)</subfield><subfield code="v">Newspapers.</subfield></datafield><datafield ind1=" " ind2="7" tag="655"><subfield code="a">Newspapers.</subfield><subfield code="2">fast</subfield><subfield code="0">(OCoLC)fst01423814</subfield></datafield><datafield ind1=" " ind2="7" tag="651"><subfield code="a">Maine</subfield><subfield code="z">Bangor.</subfield><subfield code="2">fast</subfield><subfield code="0">(OCoLC)fst01207512</subfield></datafield><datafield ind1=" " ind2="7" tag="651"><subfield code="a">Maine</subfield><subfield code="z">Penobscot County.</subfield><subfield code="2">fast</subfield><subfield code="0">(OCoLC)fst01217811</subfield></datafield><datafield ind1=" " ind2=" " tag="752"><subfield code="a">United States</subfield><subfield code="b">Maine</subfield><subfield code="c">Penobscot</subfield><subfield code="d">Bangor.</subfield></datafield><datafield ind1="1" ind2=" " tag="775"><subfield code="t">Bangor semi-weekly news</subfield><subfield code="w">(DLC)sn 95068001</subfield><subfield code="w">(OCoLC)33827543</subfield></datafield><datafield ind1="0" ind2="5" tag="780"><subfield code="t">Bangor daily whig &amp; courier</subfield><subfield code="g">1900</subfield><subfield code="w">(DLC)sn 82015185</subfield><subfield code="w">(OCoLC)8804820</subfield></datafield><datafield ind1="4" ind2="1" tag="856"><subfield code="u">http://www.bangornews.com</subfield></datafield><datafield ind1=" " ind2=" " tag="936"><subfield code="a">112th year, issue 39 (Aug. 2, 2000) LIC</subfield></datafield></record>